<?xml version="1.0" encoding="utf-8"?>
<record xmlns="http://www.loc.gov/MARC21/slim" xmlns:xsi="http://www.w3.org/2001/XMLSchema-instance" xsi:schemaLocation="http://www.loc.gov/MARC21/slim http://www.loc.gov/standards/marcxml/schema/MARC21slim.xsd">
	<leader>     nam a22        4500</leader>
	<controlfield tag="001">002751097</controlfield>
	<controlfield tag="003">NNU</controlfield>
	<controlfield tag="006">m        d        </controlfield>
	<controlfield tag="007">cr cn |||m|||a</controlfield>
	<controlfield tag="008">150714r19641896iq      o     001 0 ara  </controlfield>
	<datafield ind1=" " ind2=" " tag="040">
		<subfield code="a">NNU</subfield>
		<subfield code="b">eng</subfield>
		<subfield code="c">NNU</subfield>
	</datafield>
	<datafield ind1=" " ind2="0" tag="050">
		<subfield code="a">BX152</subfield>
		<subfield code="b">.G57 1964</subfield>
	</datafield>
	<datafield ind1=" " ind2=" " tag="090">
		<subfield code="a">BX152</subfield>
		<subfield code="b">.G57 1964</subfield>
	</datafield>
	<datafield ind1="0" ind2=" " tag="100">
		<subfield code="6">880-01</subfield>
		<subfield code="a">Mārī ibn Sulaymān,</subfield>
		<subfield code="d">active 12th century.</subfield>
	</datafield>
	<datafield ind1="1" ind2="0" tag="240">
		<subfield code="6">880-02</subfield>
		<subfield code="a">Mijdal lil-istibṣār wa-al-jadal.</subfield>
		<subfield code="k">Selections</subfield>
	</datafield>
	<datafield ind1="1" ind2="0" tag="245">
		<subfield code="6">880-03</subfield>
		<subfield code="a">Akhbār faṭārikat kursī al-Mashriq</subfield>
		<subfield code="h">[electronic resource] :</subfield>
		<subfield code="b">min kitāb al-Mijdal /</subfield>
		<subfield code="c">li-Mārī ibn Sulaymān.</subfield>
	</datafield>
	<datafield ind1="1" ind2="5" tag="246">
		<subfield code="a">Maris Amri et Slibae de patriarchis Nestorianorum commentaria</subfield>
	</datafield>
	<datafield ind1="1" ind2="4" tag="246">
		<subfield code="6">880-04</subfield>
		<subfield code="a">Akhbār baṭārikat kursī al-Mashriq</subfield>
	</datafield>
	<datafield ind1=" " ind2=" " tag="260">
		<subfield code="6">880-05</subfield>
		<subfield code="a">[Baghdād :</subfield>
		<subfield code="b">Maktabat al-Muthanná,</subfield>
		<subfield code="c">1964?]</subfield>
	</datafield>
	<datafield ind1=" " ind2=" " tag="300">
		<subfield code="a">online resource (2 v.)</subfield>
	</datafield>
	<datafield ind1=" " ind2=" " tag="500">
		<subfield code="a">Each vol. has also t. p. in Arabic with title Akhbār faṭārikat kursī al-Mashriq :min kitāb al-Mijda.</subfield>
	</datafield>
	<datafield ind1=" " ind2=" " tag="500">
		<subfield code="a">Comprises an extract from Mārīʼs theological encyclopedia al-Mijdal lil-istibṣār wa-al-jadal, and an extract from Ṣalībāʼs adaptation of Amrʼs Kitāb al-Mijdal, most of which is lost.</subfield>
	</datafield>
	<datafield ind1=" " ind2=" " tag="500">
		<subfield code="a">Photoreproduction of the Arabic text; the Latin translation has been omitted from this ed.</subfield>
	</datafield>
	<datafield ind1=" " ind2=" " tag="500">
		<subfield code="a">Part of the Arabic Collections Online (ACO) project, contributed by New York Univeristy Libraries.</subfield>
	</datafield>
	<datafield ind1="0" ind2=" " tag="505">
		<subfield code="a">Pars prior. Maris textus Arabicus. 1899. -- pars altera. Amri et Slibae textus. 1896.</subfield>
	</datafield>
	<datafield ind1=" " ind2=" " tag="533">
		<subfield code="a">Electronic reproduction.</subfield>
		<subfield code="b">New York, N.Y. :</subfield>
		<subfield code="c">New York University,</subfield>
		<subfield code="d">2015.</subfield>
		<subfield code="5">NNU</subfield>
	</datafield>
	<datafield ind1="2" ind2="0" tag="610">
		<subfield code="a">Assyrian Church of the East</subfield>
		<subfield code="x">History.</subfield>
	</datafield>
	<datafield ind1="0" ind2=" " tag="700">
		<subfield code="a">Ṣalībā ibn Yūḥannā,</subfield>
		<subfield code="d">17th cent.</subfield>
		<subfield code="t">Mijdal.</subfield>
		<subfield code="f">1964.</subfield>
	</datafield>
	<datafield ind1="0" ind2=" " tag="700">
		<subfield code="a">Gismondi, Enrico,</subfield>
		<subfield code="d">1850-1912.</subfield>
	</datafield>
	<datafield ind1="0" ind2=" " tag="700">
		<subfield code="6">880-06</subfield>
		<subfield code="a">ʻAmr ibn Mattá,</subfield>
		<subfield code="d">active 14th century.</subfield>
		<subfield code="t">Mijdal.</subfield>
	</datafield>
	<datafield ind1="0" ind2=" " tag="700">
		<subfield code="6">880-07</subfield>
		<subfield code="a">Ṣalībā ibn Yūḥannā,</subfield>
		<subfield code="d">active 17th century.</subfield>
	</datafield>
	<datafield ind1="2" ind2=" " tag="710">
		<subfield code="a">New York University.</subfield>
		<subfield code="b">Libraries.</subfield>
	</datafield>
	<datafield ind1="0" ind2=" " tag="730">
		<subfield code="a">Arabic Collections Online.</subfield>
	</datafield>
	<datafield ind1="0" ind2="8" tag="776">
		<subfield code="i">Print version:</subfield>
		<subfield code="a">Mārī ibn Sulaymān, active 12th century.</subfield>
		<subfield code="t">Akhbār faṭārikat kursī al-Mashriq</subfield>
		<subfield code="w">(NNU)002751097</subfield>
		<subfield code="w">(DLC)ne 68005066</subfield>
	</datafield>
	<datafield ind1="4" ind2="0" tag="856">
		<subfield code="u">http://hdl.handle.net/2333.1/8931zg80</subfield>
	</datafield>
	<datafield ind1="0" ind2=" " tag="880">
		<subfield code="6">100-01/</subfield>
		<subfield code="a">ماري بن سليمان،</subfield>
		<subfield code="d">active 12th century.</subfield>
	</datafield>
	<datafield ind1="1" ind2="0" tag="880">
		<subfield code="6">240-02/</subfield>
		<subfield code="a">مجدل للاستبصار والجدل.</subfield>
		<subfield code="k">مختارات</subfield>
	</datafield>
	<datafield ind1="1" ind2="0" tag="880">
		<subfield code="6">245-03/</subfield>
		<subfield code="a">أخبار فطاركة كرسي المشرق :</subfield>
		<subfield code="b">من كتاب المجدل /</subfield>
		<subfield code="c">لماري بن سليمان.</subfield>
	</datafield>
	<datafield ind1="1" ind2="4" tag="880">
		<subfield code="6">246-04/</subfield>
		<subfield code="a">أخبار بطاركة كرسي المشرق</subfield>
	</datafield>
	<datafield ind1=" " ind2=" " tag="880">
		<subfield code="6">260-05/</subfield>
		<subfield code="a">[بغداد :</subfield>
		<subfield code="b">مكتبة المثنى،</subfield>
		<subfield code="c">1964؟]</subfield>
	</datafield>
	<datafield ind1="0" ind2=" " tag="880">
		<subfield code="6">700-06/</subfield>
		<subfield code="a">عمر بن متى،</subfield>
		<subfield code="d">active 14th century.</subfield>
		<subfield code="t">مجدل.</subfield>
	</datafield>
	<datafield ind1="0" ind2=" " tag="880">
		<subfield code="6">700-07/</subfield>
		<subfield code="a">صليبا بن يوحنا،</subfield>
		<subfield code="d">active 17th century.</subfield>
	</datafield>
	<datafield ind1=" " ind2=" " tag="959">
		<subfield code="a">NNU</subfield>
		<subfield code="b">WEB</subfield>
		<subfield code="c">GENI</subfield>
		<subfield code="t">0</subfield>
		<subfield code="m">Electronic access</subfield>
		<subfield code="s">01</subfield>
	</datafield>
	<datafield ind1=" " ind2=" " tag="999">
		<subfield code="i">NNU_002751097</subfield>
		<subfield code="s">nyu_aco001035:v.1</subfield>
		<subfield code="s">nyu_aco001036:v.2</subfield>
		<subfield code="e">(ERROR-880)</subfield>
	</datafield>
</record>
